@phdthesis{GarnockJonesThesis,
  author       = {Tony Garnock-Jones},
  title        = {Effigy: Language Support for Communicating Managers},
  school       = {Northeastern University},
  year         = {2013},
  type         = {{Ph.D.} Dissertation}
}

@misc{syndicate-rs,
  author       = {Tony Garnock-Jones},
  title        = {syndicate-rs},
  howpublished = {\url{https://github.com/syndicate-lang/syndicate-rs}},
  note         = {Accessed 2024-11-24}
}

@article{Pijul,
  author       = {Pierre-Etienne Meunier and Florent Becker},
  title        = {Pijul: A Patch-Based Version Control System},
  journal      = {arXiv preprint},
  volume       = {1510.07665},
  year         = {2016}
}
